@article{1998quant,
       author = {{Rieffel}, Eleanor G. and {Polak}, {Wolfgang}},
        title = {An Introduction to Quantum Computing for Non-Physicists},
      journal = {arXiv e-prints},
     keywords = {Quantum Physics, Computer Science - General Literature},
         year = {1998},
        month = {Sep},
          eid = {quant-ph/9809016},
        pages = {quant-ph/9809016},
archivePrefix = {arXiv},
       eprint = {quant-ph/9809016},
 primaryClass = {quant-ph},
       adsurl = {https://ui.adsabs.harvard.edu/abs/1998quant.ph..9016R},
      adsnote = {Provided by the SAO/NASA Astrophysics Data System}
}

@article{2014NJPh,
       author = {{Santra}, Siddhartha and {Quiroz}, Gregory and {Ver Steeg}, Greg and
         {Lidar}, Daniel A.},
        title = "{Max 2-SAT with up to 108 qubits}",
      journal = {New Journal of Physics},
     keywords = {Quantum Physics},
         year = "2014",
        month = "Apr",
       volume = {16},
       number = {4},
          eid = {045006},
        pages = {045006},
          doi = {10.1088/1367-2630/16/4/045006},
archivePrefix = {arXiv},
       eprint = {1307.3931},
 primaryClass = {quant-ph},
       adsurl = {https://ui.adsabs.harvard.edu/abs/2014NJPh...16d5006S},
      adsnote = {Provided by the SAO/NASA Astrophysics Data System}
}

@article{Lucas_2014,
   title={Ising formulations of many NP problems},
   volume={2},
   ISSN={2296-424X},
   url={http://dx.doi.org/10.3389/fphy.2014.00005},
   DOI={10.3389/fphy.2014.00005},
   journal={Frontiers in Physics},
   publisher={Frontiers Media SA},
   author={Lucas, Andrew},
   year={2014}
}

@article{
    url={https://support.dwavesys.com/hc/en-us/community/posts/360017439853-Difference-between-BQM-Ising-and-QUBO-problems-}
}